2938 5131
105 293 230 349 226
991 257 999 264 ’
2357 294 2392 355 7

104 494 282 552 Tales
358 495 569 552 formae
635 496 930 554 abnormes
994 497 1353 570 androgynae
1411 515 1462 555 v.
1522 497 1642 555 fere
1703 496 1923 555 omnino
1976 497 2288 557 foemineae
2334 500 2394 559 C.

100 612 322 669 Oederi
359 611 643 670 interdum
676 614 1060 685 observantur,
1104 618 1298 673 nostra
1332 632 1483 686 vero,
1525 617 1752 688 praeter
1784 615 2066 674 defectum
2097 618 2299 675 florum
2325 606 2394 691 ἃ,

102 727 265 787 notis
312 729 492 789 variis
546 733 606 788 et
662 730 915 802 quidem·
942 731 1301 805 gravioribus
1355 735 1631 807 (tempore
1674 732 1908 793 florendi
1951 733 2188 807 seriore,
2245 734 2402 795 foliis

104 846 478 922 longioribus
494 892 508 919 ‚
563 849 740 907 multo
782 849 967 923 magis
1009 848 1225 909 scabris
1270 850 1463 923 (immo
1507 848 1922 924 scaberrimis)‚
1982 849 2401 911 inflorescentia

103 982 366 1037 superne
432 965 493 1023 in
558 965 764 1039 spicam
821 967 1292 1041 subcompositam
1346 970 1637 1026 contracta
1699 970 2023 1042 (nonnullas
2064 969 2398 1030 Heterosta-

106 1084 292 1156 chyas
352 1083 418 1142 in
469 1084 793 1142 memoriam
849 1086 1166 1158 revocans),
1235 1085 1494 1160 caryopsi
1550 1085 1751 1159 viridi,
1807 1086 1987 1145 nitido
2043 1088 2168 1159 (nec
2191 1057 2196 1062 .
2218 1087 2396 1161 fusco,

106 1203 316 1275 opaco)
335 1246 351 1274 ‚
397 1201 484 1259 ita
526 1201 718 1260 differt
759 1218 795 1260 a
835 1203 1230 1276 praecedente,
1278 1202 1370 1261 cui
1421 1203 1672 1275 proxime
1728 1203 1919 1263 affinis
1971 1222 2098 1264 esse
2152 1205 2396 1278 videtur,

108 1323 168 1376 et
225 1318 422 1402 magis
487 1319 670 1377 adhuc
724 1338 759 1378 a
801 1322 861 1379 C.
907 1319 1095 1379 Mairii
1147 1320 1379 1395 typica,
1435 1324 1504 1379 ut
1554 1338 1682 1379 cum
1745 1321 1896 1380 hisce
1950 1322 2232 1381 adsociare
2286 1340 2399 1381 non

108 1437 381 1494 audeam.
484 1437 701 1496 Memor
754 1441 944 1497 autem
999 1439 1137 1497 dicti
1191 1439 1344 1500 beat.
1398 1439 1465 1496 Ε.
1513 1437 1779 1497 Friesii
1841 1442 1992 1513 (Bot.
2038 1441 2170 1498 Not.
2221 1441 2399 1511 1843,

108 1570 164 1627 p.
208 1554 365 1628 107)
438 1555 702 1628 „Species
768 1556 1191 1615 characteribus
1255 1554 1426 1614 nimis
1493 1555 1712 1614 eximiis
1777 1574 1999 1629 semper
2061 1560 2399 1630 suspectae“

109 1671 472 1731 haesitanter
515 1675 574 1730 et
617 1674 776 1732 modo
819 1675 891 1732 ad
933 1673 1162 1732 interim
1202 1672 1427 1732 nomine
1474 1673 1732 1747 specifico
1777 1674 2093 1747 designavi,
2137 1675 2402 1733 observa-

111 1790 260 1848 tioni
311 1790 568 1848 ulteriori
624 1791 686 1850 in
742 1790 881 1849 locis
926 1792 1212 1850 natalibus
1257 1790 1643 1863 quaestionem
1697 1792 2020 1850 solvendam
2072 1792 2403 1866 relinquens

112 1925 187 1966 an
234 1907 499 1983 hybrida,
546 1925 620 1965 an
661 1909 1069 1980 monstrositas,
1115 1926 1185 1966 an
1231 1908 1451 1981 species
1494 1910 1637 1968 bene
1679 1909 1918 1968 fundata
1959 1909 2053 1967 sit.

289 2028 351 2086 4.
449 2025 688 2085 C‘areae
730 2028 1164 2103 particulata
1216 2044 1355 2085 var.
1401 2029 1706 2105 pallida
1763 2027 1895 2100 Ige.
1953 2028 2041 2085 Fl.
2087 2027 2233 2086 Dan.
2280 2028 2397 2086 tab.

114 2146 309 2204 2793.

285 2263 358 2320 In
411 2261 550 2320 locis
605 2261 884 2321 silvaticis
937 2263 1181 2322 humidis
1234 2281 1320 2337 pr.
1366 2262 1565 2322 Cintra
1605 2260 1933 2321 Lusitaniae
1977 2260 2067 2320 die
2115 2262 2193 2319 16
2244 2262 2394 2335 Aug.

118 2381 288 2439 1798
335 2379 478 2451 legit
520 2381 670 2438 beat.
719 2381 1144 2439 Schousboe.

290 2496 743 2571 Descriptionem
804 2496 1097 2556 varietatis
1162 2499 1253 2556 sat
1317 2496 1585 2556 notabilis
1648 2497 1779 2555 dare
1839 2498 1894 2555 h.
1949 2499 1991 2555 l.
2051 2498 2400 2572 superfluum

114 2617 288 2689 duxi,
361 2633 487 2674 cum
537 2615 658 2688 jam
711 2615 775 2673 in
828 2617 1000 2674 Flora
1039 2615 1259 2675 Danica
1300 2617 1338 2674 1.
1384 2633 1429 2674 c.
1492 2615 1840 2675 differentias
1896 2633 1932 2674 a
1985 2616 2165 2673 forma
2205 2614 2401 2689 typica

113 2733 374 2808 exposui.
464 2732 784 2806 Specimina
839 2732 1171 2792 Lusitanica
1226 2734 1369 2792 bene
1423 2733 1766 2792 conveniunt
1830 2750 1957 2791 cum
2010 2732 2273 2805 Danicis,
2341 2741 2399 2792 et

113 2854 316 2911 forsan
358 2850 420 2910 in
462 2851 632 2910 terris
675 2850 1146 2924 interjacentibus
1189 2851 1532 2922 inveniatur,
1577 2849 1686 2908 etsi
1732 2851 1938 2924 ubique
1983 2868 2112 2908 rara
2156 2850 2394 2910 videtur.

113 2971 260 3028 Cum
324 2970 431 3027 hac
490 2970 862 3042 comparanda
913 2969 968 3026 C.
1013 2967 1341 3026 Lusitanica
1393 2967 1558 3027 Schk.
1615 2967 1844 3039 Riedgr.
1904 2967 2000 3039 fig.
2040 2966 2189 3039 119,
2250 2983 2395 3043 quae

117 3088 329 3145 saltem
373 3087 445 3144 ad
490 3088 550 3145 G.
597 3086 977 3159 paniculatam
1023 3103 1239 3160 quoque
1281 3085 1579 3144 referenda
1621 3088 1726 3143 est.

299 3207 355 3262 5.
430 3204 874 3279 C'ephalaria
920 3204 1387 3277 linearifolia
1423 3204 1566 3276 Lge.
1613 3204 1684 3260 ad
1729 3203 1835 3262 int.
1870 3205 2092 3275 Erecta,
2142 3199 2396 3266 2¹1'st—3¹

116 3325 253 3395 alt.,
300 3323 459 3380 caule
505 3321 735 3394 striato,
782 3338 1027 3395 superne
1071 3337 1316 3393 ramese,
1364 3319 1575 3378 foliis
1617 3320 1958 3379 radicalibus
2003 3316 2264 3392 (1—1¹le
2306 3320 2399 3377 de·

117 3440 282 3512 cim.)
304 3441 361 3498 et
395 3437 633 3497 caulinis
656 3433 1230 3511 (¹l9—814decimetr.)
1266 3438 1592 3496 omnibus
1625 3440 1941 3510 anguste
1974 3433 2396 3509 linearibus,

117 3555 624 3633 glaberrimiS,
682 3554 1044 3627 laevibuS,
1101 3553 1602 3628 integerrimis
1656 3572 1709 3612 v.
1758 3553 2046 3612 rarissime
2102 3570 2213 3611 uno
2259 3553 2400 3611 alte-

78 3731 96 3740 ,
118 3693 254 3734 rove
301 3676 590 3747 segmento
645 3672 847 3730 lineari
900 3672 1205 3731 divaricato
1249 3672 1516 3742 munitiS,
1572 3688 1741 3729 nervo
1785 3669 1966 3729 medio
2017 3671 2144 3727 albo
2187 3669 2399 3742 promi-

119 3794 288 3865 nulo,
366 3789 719 3850 calathiis
786 3789 1212 3862 junioribus
1286 3789 1643 3862 globosis,
1736 3786 2060 3862 squamis
2138 3787 2395 3859 ovatis,

121 3909 447 3970 breviter
489 3908 743 3965 obtuse
790 3905 1260 3978 acuminatis,
1307 3905 1468 3964 dorso
1513 3905 1722 3978 fuscis,
1769 3907 1916 3963 late
1960 3903 2397 3977 albomargi-

121 4026 345 4098 natis,
390 4024 596 4082 leviter
637 4022 862 4095 ciliatiS,
909 4026 1155 4081 ceterum
1198 4022 1413 4095 glabris
1455 4024 1677 4096 (Flores
1721 4023 2051 4095 fructusque
2095 4020 2322 4094 ignoti).

294 4142 486 4202 Sierra
529 4142 596 4200 de
628 4140 788 4199 Dilar
830 4141 890 4198 fl.
926 4142 1156 4199 Granat.
1202 4139 1290 4198 die
1337 4140 1411 4198 27
1449 4141 1570 4198 Jul.
1611 4138 1771 4199 1876
1817 4138 2061 4197 nondum
2103 4129 2400 4197 florentem

116 4260 267 4337 legit
309 4261 380 4318 cl.
425 4260 503 4318 Μ.
549 4257 892 4318 Winkler.
