2938 5131
131 274 264 333 238
2351 273 2428 332 19

129 479 348 539 nitidis
393 477 758 553 (Descriptio,
804 478 1003 553 paucis
1037 478 1273 537 mutatis
1315 445 1384 537 v..
1404 479 1635 553 additis,
1682 481 1755 539 ad
1798 480 2121 539 schedulam
2164 482 2232 540 01.
2257 482 2428 541 Lere-

132 599 306 659 schei
355 598 513 657 facta
542 599 686 670 est).

240 684 246 689 ᾗ
315 718 390 776 In
453 714 737 774 montibus
791 715 1128 774 Castellanis
1193 714 1381 774 Sierra
1432 716 1503 774 de
1557 716 1771 775 Gredos
1833 716 1985 775 inter
2044 719 2305 776 lacunam
2373 724 2430 778 et

128 836 421 911 Hoyode
464 834 614 893 Pino
657 832 746 891 die
792 832 871 892 21
916 835 1034 892 Jul.
1087 835 1248 893 1862
1302 834 1623 909 florigeram
1668 837 1728 892 et
1769 834 2116 893 fructiferam
2170 836 2313 909 legit
2356 839 2426 895 cl.

129 954 524 1013 Leresche.
621 951 871 1009 Habitus
916 951 1126 1025 speciei
1170 954 1370 1026 hujuS,
1428 956 1497 1011 ut
1537 953 1792 1025 videtur,
1849 952 2060 1026 optime
2105 953 2425 1028 distinctae,

129 1076 289 1131 teste
323 1069 646 1141 LereschiO,
691 1068 810 1127 fere
850 1069 926 1129 G.
953 1071 1180 1145 pilosae
1211 1071 1294 1144 L.,
1338 1088 1482 1144 quae
1526 1088 1660 1129 vero
1704 1070 1964 1144 plurimis
2006 1071 2430 1132 characteribus

132 1194 197 1250 et
243 1188 533 1262 imprimis
576 1185 801 1245 defectu
843 1187 1135 1258 spinarum
1166 1189 1329 1247 valde
1362 1189 1568 1247 differt.
1635 1188 1898 1246 Proxime
1931 1187 2123 1247 affluis
2153 1189 2227 1249 G.
2258 1191 2428 1248 Scor-

122 1310 274 1385 pius
320 1308 437 1365 DC.
455 1352 470 1379 ,
527 1308 755 1379 praeter
797 1304 1044 1378 reliquos
1099 1308 1458 1364 characteres
1514 1309 1574 1364 et
1626 1305 1885 1364 habitum
1938 1306 2185 1365 alienum
2238 1309 2429 1382 calyce

132 1424 643 1499 leguminibusque
717 1422 1082 1496 glaberrimis
1154 1423 1320 1482 facile
1385 1423 1779 1496 distinguitur.
1896 1424 1971 1483 G.
2026 1426 2247 1484 corsica
2310 1427 2426 1484 Dc,

131 1561 276 1603 vero
334 1542 571 1601 floribus
629 1539 902 1600 solitariis
955 1559 1007 1598 v.
1054 1540 1331 1614 geminis,
1388 1558 1551 1599 secus
1605 1558 1789 1599 ramos
1834 1541 2077 1615 sparsis,
2135 1543 2429 1616 pedicellis

129 1663 338 1736 calyce
383 1658 870 1732 sublongioribus,
915 1658 1301 1731 leguminibus
1341 1659 1704 1732 glaberrimis
1747 1659 1927 1732 magis
1971 1661 2155 1721 adhuc
2198 1661 2426 1721 recedit.

139 1780 223 1840 G'.
273 1779 469 1837 lucida
513 1777 703 1836 Camb.
722 1821 736 1849 ,
794 1794 936 1849 quae
980 1777 1041 1835 in
1084 1792 1334 1849 monogr.
1383 1778 1703 1849 Spachiana
1746 1778 1815 1836 ob
1862 1777 2142 1837 defectum
2185 1781 2427 1852 legumi-

130 1915 275 1958 num
336 1913 465 1955 cum
520 1895 691 1953 dubio
755 1895 816 1952 in
881 1895 988 1954 hac
1040 1894 1290 1953 sectione
1346 1864 1534 1967 posita
1587 1898 1738 1967 erat,
1808 1898 1868 1953 et
1930 1913 2169 1969 quacum
2234 1901 2429 1957 nostra

127 2018 338 2091 plures
382 2017 547 2073 notas
589 2030 911 2072 communes
954 2015 1144 2085 habet,
1191 2012 1379 2072 differt
1418 2012 1663 2072 racemis
1704 2013 1968 2087 aphylliS,
2008 2015 2217 2074 vexillo
2261 2017 2425 2076 dorso

129 2135 356 2195 sericeo
401 2135 462 2191 et
500 2131 784 2205 praecipue
828 2131 1109 2205 legumine
1152 2133 1244 2204 (ex
1289 2131 1699 2205 speciminibus
1734 2131 2041 2191 Balearicis
2085 2150 2121 2191 a
2162 2135 2230 2191 cl.
2254 2134 2423 2192 Will-

127 2254 331 2312 komm
384 2249 571 2322 lectis)
626 2266 856 2322 prorsus
912 2250 1223 2308 differente.
1332 2250 1471 2309 Haec
1528 2247 1748 2323 species
1814 2248 1963 2307 euim
2031 2251 2101 2308 ob
2159 2252 2424 2325 legumen

128 2370 684 2441 rhombeo-ovatum,
733 2356 955 2440 oblique
990 2368 1660 2439 rostrato-acuminatum,
1707 2383 1897 2425 mono·
1929 2384 1980 2426 v.
2002 2368 2422 2443 oligospernum

126 2490 190 2548 in
239 2488 481 2561 subgen.
510 2486 871 2560 Spartocarpi
900 2487 1080 2559 Spach
1125 2488 1254 2559 (nec
1295 2486 1446 2544 inter
1492 2486 1886 2559 Stenocarpas)
1927 2487 2250 2545 collocanda
2292 2488 2419 2547 erit.

313 2608 413 2665 20.
513 2606 780 2664 Ononis
845 2606 1172 2681 ambiyua
1237 2624 1293 2664 n.
1361 2623 1466 2679 sp„
1527 2606 1902 2679 perennis,
1982 2604 2305 2679 spithamea
2367 2625 2419 2666 v.

124 2743 338 2801 parum
383 2726 566 2795 ultra,
623 2724 797 2781 dense
840 2724 1117 2796 longeque
1160 2722 1617 2796 viscido-pilosa3
1663 2723 1865 2781 caule
1910 2722 2167 2796 solido,
2218 2741 2253 2780 a
2295 2724 2419 2784 basi

124 2845 267 2904 inde
299 2860 537 2915 ramoso,
575 2840 747 2899 ramis
779 2839 1106 2914 gracilibus,
1152 2839 1934 2914 flexuoso-adscendentibus3
1979 2840 2135 2901 foliis
2168 2842 2420 2902 breviter

125 2960 448 3037 petiolatis,
493 2958 846 3032 simplicibus
890 2976 943 3015 v.
990 2973 1114 3017 raro
1158 2958 1468 3032 trifoliatis,
1516 2957 1724 3017 foliolis
1772 2960 2029 3018 cuneatis
2073 2979 2125 3019 v.
2172 2963 2416 3035 anguste

124 3077 425 3150 obovatis,
493 3077 714 3137 obtusis
767 3096 816 3136 v.
861 3077 1170 3148 truncatis,
1239 3075 1454 3150 apicem
1509 3094 1702 3136 versus
1755 3078 1990 3136 serratis
2053 3096 2104 3136 v.
2147 3079 2414 3152 dentatis,

120 3195 367 3270 stipulis
409 3197 482 3253 ad
524 3196 768 3254 medium
810 3212 985 3269 usque
1020 3212 1146 3253 cum
1180 3195 1391 3267 petiolo
1425 3194 1704 3268 connatis,
1749 3198 1951 3274 parte
1996 3196 2226 3256 libera
2266 3199 2412 3256 lan-

120 3314 473 3387 coolatis,
539 3312 1067 3388 integerrimis,
1134 3312 1345 3386 petiolo
1399 3311 1885 3387 sublongioribus,
1954 3314 2188 3373 floribus
2251 3331 2413 3374 secus

119 3449 317 3492 ramos
380 3430 444 3490 in
494 3431 687 3490 axillis
740 3430 1011 3490 solitariis
1025 3476 1038 3502 ‚
1105 3429 1416 3503 pedunculo
1481 3428 1677 3487 folium
1742 3431 2022 3503 subduplo
2089 3433 2409 3507 excedente,

116 3548 371 3611 florendi
412 3553 665 3623 tempore
708 3551 914 3620 erecto,
961 3547 1233 3606 deflorato
1266 3546 1619 3620 divergente,
1664 3547 1916 3607 breviter
1947 3550 2204 3622 aristato,
2248 3551 2411 3624 pedi-

117 3671 269 3730 cello
319 3668 580 3742 (articulo
624 3665 938 3740 superiore)
990 3665 1303 3739 pedunculo
1360 3663 1486 3738 ipso
1541 3664 1756 3737 pluries
1810 3665 2066 3726 breviore
2083 3712 2097 3740 ,
2153 3667 2410 3727 nutanti-

118 3789 367 3859 deflexO,
402 3784 631 3844 laciniis
666 3782 875 3856 calycis
911 3783 1048 3841 tubo
1083 3782 1393 3856 quadruplo
1427 3800 1477 3840 v.
1502 3782 1653 3840 ultra
1684 3782 2055 3856 longioribus,
2102 3788 2409 3859 anguste

117 3901 1015 3974 lanceolam-linearibus,
1069 3901 1238 3975 longe
1293 3898 1657 3972 acuminatiS,
1724 3917 1924 3973 parum
1974 3901 2407 3977 inaequilongis,

117 4019 699 4098 glutinoso-villosis3
798 4019 1070 4094 petalis
1156 4020 1394 4093 calyce
1482 4015 1970 4092 brevioribus,
2069 4019 2402 4094 pallidis,

116 4140 334 4201 vexillo
377 4123 1083 4212 fuscopurpureo-striato‚
1127 4135 1487 4211 legumine
1533 4134 1804 4209 elliptico,
1850 4137 2233 4209 planiusculo,
2278 4138 2404 4197 basi

118 4258 260 4334 styli
304 4255 617 4330 apiculato,
662 4256 911 4328 hirsut0‚
956 4254 1188 4330 calyci
1233 4252 1675 4327 aequilongo.
1733 4254 2079 4329 ⁴(Legumen
2121 4257 2404 4314 maturum

118 4381 181 4440 et
224 4373 451 4438 semina
491 4391 604 4434 non
642 4373 806 4450 vidi).
