2938 5131
132 290 248 347 228
2364 293 2403 349 9

298 491 511 568 Crepis
578 492 910 568 spathulata
971 493 1203 567 Guss.¹)
1277 494 1663 568 (Barkhausia
1725 497 1912 568 spath.
1982 496 2246 568 Spreng.)
2312 510 2402 553 60-

123 609 359 668 cundum
438 610 754 684 specimina
828 613 1160 671 authentica
1235 631 1270 670 a
1347 614 1451 671 cel.
1515 613 1731 670 Todaro
1797 612 1972 671 missa
2037 615 2097 670 et
2159 611 2405 684 descrip-

121 726 330 785 tionem
397 727 465 786 in
525 729 687 787 GusS.
732 732 866 803 Syn.
912 731 997 788 1⁴¹1.
1056 733 1182 789 Sec.
1247 732 1336 802 H,
1401 748 1456 802 p.
1492 729 1615 787 412
1683 732 1890 788 nostrae
1954 729 2048 788 hic
2109 729 2406 802 descriptae

121 848 273 903 arcte
342 845 585 917 quidem
654 845 842 905 affinis
911 851 1023 919 est,
1090 849 1194 906 sed
1256 847 1611 906 differentiae
1676 848 1887 920 plantae
1958 848 2178 905 Siculae
2245 846 2406 917 (folia

124 962 396 1023 radicalia
449 980 753 1023 numerosa
804 965 1219 1036 oblanceolata,
1279 964 1656 1036 acutiuscula,
1718 964 1953 1034 sensim,
2009 982 2111 1022 nec
2166 965 2406 1036 abrupte

123 1080 181 1137 in
243 1079 530 1154 petiolum
603 1082 815 1140 lamina
888 1081 1200 1141 breviorem
1262 1082 1647 1155 transeuntia,
1727 1082 1824 1140 fol.
1891 1081 2115 1139 caulina
2178 1080 2405 1153 paucis-

124 1197 290 1270 sima,
353 1198 597 1256 sessilia
637 1216 691 1256 v.
736 1198 1302 1272 semiamplectentia,
1346 1216 1458 1258 non
1502 1199 1846 1271 auriculata,
1895 1200 2106 1271 „ramis
2148 1197 2408 1271 approxi-

123 1315 351 1388 matis“‚
398 1315 659 1374 anthedii
703 1333 967 1388 squamae
1012 1316 1149 1389 pilis
1190 1316 1460 1375 brevibus
1493 1318 1641 1375 albis
1674 1317 1991 1391 subhirtae)
2035 1316 2183 1375 tanti
2216 1319 2408 1373 tamen

125 1433 393 1491 momenti
440 1450 569 1493 esse
612 1433 906 1505 videntur,
964 1436 1028 1491 ut
1070 1450 1198 1491 cum
1241 1435 1437 1506 planta
1478 1433 1793 1507 Hispanica
1836 1434 2101 1508 conjungi
2147 1434 2403 1503 nequeat.

126 1549 468 1608 Rationibus
541 1549 937 1623 geographicis
1004 1550 1283 1623 suspicari
1345 1550 1506 1622 licet,
1572 1552 1828 1624 plantam
1891 1568 1926 1608 a
1980 1552 2281 1623 Bourgaeo
2345 1547 2404 1606 in

124 1668 307 1724 monte
352 1667 612 1725 Picacho
655 1667 724 1724 de
768 1668 969 1725 Alcala
1021 1669 1228 1727 lectam
1271 1671 1331 1726 et
1372 1668 1435 1726 in
1474 1669 1674 1727 Prodr.
1718 1669 1808 1727 Fl.
1852 1669 2016 1740 Hisp.
2077 1670 2143 1739 2,
2189 1685 2245 1740 p.
2284 1666 2401 1723 247

126 1783 341 1843 nomine
386 1784 447 1842 C.
494 1786 855 1857 spathulatae
902 1787 1026 1859 Spr.
1073 1803 1108 1843 a
1149 1786 1532 1844 Willkommio
1578 1786 1915 1859 descriptam
1967 1776 2073 1842 nec
2114 1801 2227 1842 non
2271 1785 2405 1842 Cre-

127 1899 285 1971 pides
328 1900 395 1958 in
440 1902 586 1959 flora
628 1902 815 1960 Gadit.
862 1920 897 1960 a
939 1878 1135 1961 Willk.
1183 1905 1358 1960 lectas
1412 1904 1469 1960 et
1511 1903 1548 1960 1.
1597 1919 1642 1960 c.
1686 1903 1747 1960 in
1791 1907 1905 1960 not.
1956 1902 2284 1959 dubitanter
2336 1900 2408 1957 ad

130 2017 184 2074 C.
230 2020 424 2090 spath.
473 2019 718 2091 relatas,
775 2020 847 2077 ad
891 2020 950 2078 C.
997 2020 1286 2079 Boeticam
1342 2022 1594 2079 nostram
1638 2036 1857 2094 quoque
1909 2019 2207 2078 referenda
2261 2034 2404 2089 esse,

130 2136 183 2190 et
221 2137 363 2192 tunc
407 2135 470 2194 C.
509 2137 838 2209 spathulata
880 2137 1044 2196 Guss.
1094 2155 1123 2196 e
1169 2139 1311 2195 flora
1353 2137 1666 2209 Hispanica
1710 2140 1861 2196 esset
1903 2137 2156 2195 delenda.
2246 2135 2410 2194 Folia

128 2266 159 2305 a
199 2251 591 2310 Willkommio
645 2254 1010 2328 pinnatifida,
1078 2255 1223 2314 lobis
1278 2254 1635 2326 lanceolatis,
1696 2253 2139 2313 sinuato-incisis
2196 2252 2407 2311 descri-

128 2367 363 2442 buntur,
424 2371 578 2442 quod
635 2371 697 2429 in
748 2374 1003 2430 nostrum
1059 2388 1170 2429 11011
1225 2373 1497 2445 quadrat,
1556 2372 1625 2428 de
1684 2371 1872 2429 radice
1929 2389 2061 2430 vero
2105 2370 2409 2443 descriptio

126 2484 261 2543 nihil
302 2487 544 2546 indicat.
634 2489 890 2547 Ulterius
932 2489 1114 2564 igitur
1155 2491 1233 2563 pl.
1270 2489 1662 2548 Winkleriana
1704 2491 1823 2547 tam
1867 2506 1995 2547 cum
2039 2490 2412 2574 Bourgaeana

129 2620 292 2674 quam
326 2605 492 2664 'cum
556 2607 964 2680 speciminibus
1019 2607 1229 2666 Siculis
1286 2609 1360 2681 pl.
1407 2609 1822 2666 Gussoneanae·
1861 2605 2172 2679 comparari
2230 2605 2409 2673 debet,

130 2724 431 2795 antequam
492 2723 746 2796 quaestio
789 2724 857 2782 de
902 2740 1095 2783 eorum
1140 2724 1452 2783 identitate
1508 2725 1739 2783 dissolvi
1793 2727 1997 2798 potest.
2088 2723 2406 2781 Observan-

130 2838 252 2928 dum
298 2844 421 2915 est,
485 2841 546 2900 O.
592 2843 977 2914 spathulatam
1033 2845 1181 2901 teste
1224 2842 1515 2900 Gussoneo
1568 2859 1693 2901 esse
1751 2858 2088 2915 perennem,
2149 2839 2408 2912 equidem

90 2956 433 3027 ⁴specimina
501 2958 571 3016 ad
623 2959 921 3031 Algeciras
974 2960 1127 3016 lecta
1181 2976 1402 3032 quoque
1469 2958 1742 3031 perennia
1804 2958 2097 3029 dixissem,
2166 2955 2277 3014 nisi
2334 2956 2403 3012 01.

132 3071 386 3131 Winkler
443 3073 507 3131 in
548 3075 818 3133 schedula
861 3093 1124 3149 expresse
1168 3076 1613 3148 observavisset,
1669 3077 1921 3149 plantam
1975 3091 2162 3144 suam,
2217 3073 2301 3130 ita
2345 3075 2409 3129 ut

133 3185 187 3245 in
227 3191 432 3250 Prodr.
481 3193 540 3248 fl.
586 3192 749 3266 Hisp.
797 3194 835 3250 1.
882 3210 927 3251 0.
975 3192 1272 3266 indicatur,
1320 3210 1444 3251 esse
1488 3192 1767 3250 biennem.

298 3309 353 3367 7.
430 3307 684 3384 Crepis
720 3310 1124 3383 (Barkhausia)
1164 3310 1504 3367 Haclcelii
1545 3311 1681 3383 Lge.
1762 3310 2003 3367 Biennis
2035 3327 2088 3367 v.
2125 3308 2403 3383 perennis,

134 3423 323 3482 radice·
355 3442 548 3484 crasso
592 3427 1062 3500 perpendiculari,
1110 3444 1353 3499 superne
1387 3426 1613 3497 vaginis
1644 3426 1936 3485 emarcidis
1972 3428 2150 3497 tecto;
2197 3425 2405 3484 foliis

98 3542 457 3620 ⁴omnibus
502 3542 1279 3617 rosulato-oongestis,
1336 3542 1398 3600 in
1439 3543 1709 3616 petiolum
1753 3544 1967 3602 alatum
2009 3543 2259 3601 breviter
2300 3559 2403 3599 an-

135 3660 373 3726 gustatis
391 3706 406 3733 ,
454 3662 776 3723 runcinato-
825 3664 884 3718 et
923 3660 1514 3736 lyrato-pinnatifidiS,
1561 3663 1854 3733 segmento
1898 3660 2183 3717 terminali
2228 3659 2403 3716 trian-

137 3776 600 3850 gulari-hastato,
657 3777 922 3851 utrinque
969 3782 1027 3836 et
1068 3777 1349 3851 imprimis
1392 3779 1596 3836 subtus
1650 3794 1808 3835 secus
1850 3794 2084 3835 nervum
2127 3777 2402 3834 dorsalem

140 3889 348 3953 dense
392 3895 735 3966 hirsutis;
794 3896 996 3953 caule
1042 3895 1465 3953 abbreviato
1510 3895 1595 3969 (in
1640 3893 2056 3967 speciminibuS‚
2103 3909 2244 3964 quae
2287 3891 2402 3949 vidi

192 4124 229 4188 ¹)
264 4124 475 4179 Nomen
522 4123 762 4195 Crepidis
807 4126 1139 4195 spathulatae
1190 4129 1360 4198 primo
1401 4144 1433 4179 a
1477 4126 1747 4198 Gussoneo
1796 4125 1924 4178 1821
1971 4123 2228 4191 (Catalog.
2265 4122 2400 4175 hort.

268 4208 652 4276 Boccadifalco)
698 4210 880 4263 datum
926 4215 1030 4276 est,
1084 4212 1223 4279 quod
1271 4211 1531 4281 Sprengel
1568 4210 1699 4263 1826
1746 4210 1906 4277 (Syst.
1940 4209 2077 4274 veg.)
2129 4207 2186 4259 in
2231 4222 2401 4273 genus

271 4291 630 4347 Barkhausiae
663 4295 1014 4363 transposuit,
1056 4311 1217 4364 quare
1251 4296 1515 4349 immerito
1551 4311 1743 4348 nomen
1777 4291 2079 4363 Sprengelii
2111 4295 2174 4344 ut
2205 4291 2401 4360 speciei

270 4377 471 4433 autoris
505 4377 735 4451 ponitur,
768 4378 1048 4454 praecipue
1083 4379 1131 4432 si
1166 4378 1363 4458 Crepis,
1399 4396 1497 4433 nec
1531 4378 1859 4432 Barkhausia
1891 4375 2213 4440 inscribitur.
