2938 5131
149 365 268 424 105
1354 454 1360 460 ἡ
2345 371 2423 429 13
2483 384 2496 389 H

146 567 306 626 tibus
368 569 404 625 2
459 567 1022 641 subconniventibus,
1089 570 1235 643 stylo
1285 546 1321 627 a
1371 569 1496 627 basi
1552 571 1622 627 ad
1673 570 1921 628 medium
1995 572 2192 645 piloso.
2284 575 2422 631 Cum

150 686 357 744 ceteris
394 687 575 745 Ulicis
620 686 915 759 speciebus
959 704 993 744 a
1024 687 1078 744 b.
1118 686 1419 745 Webbio
1462 687 1620 761 (Otia
1651 687 1826 760 hisp.)
1868 689 2073 761 optime
2120 690 2422 764 descriptis

150 808 200 861 et
242 803 549 863 delineatis
605 803 834 862 minime
893 804 1156 879 conjungi
1198 808 1415 879 potest,
1485 823 1682 885 quare,
1752 806 1863 865 nisi
1916 807 2061 864 forte
2106 809 2175 865 U.
2222 825 2419 865 canes-

151 921 329 979 centis
372 921 554 979 forma
598 922 859 980 umbrosa
902 927 960 980 et
1001 922 1263 994 vernalis,
1312 925 1458 996 quod
1498 924 1738 983 ulterius
1771 924 1833 982 in
1860 925 1985 983 vivo
2022 925 2422 998 inquirendum

154 1039 271 1111 erit,
321 1039 446 1097 sine
492 1041 661 1099 dubio
706 1059 849 1100 nova
892 1042 1110 1116 species
1153 1043 1413 1100 habenda
1458 1045 1563 1101 est.

319 1160 418 1216 20.
487 1158 790 1235 Astrayali
831 1161 991 1231 duae,
1036 1160 1093 1218 in
1132 1162 1271 1218 flora
1293 1160 1631 1220 Almeriensi
1666 1161 1983 1234 nuperrime
2030 1162 2303 1232 detectae,
2350 1162 2422 1218 ad

155 1275 371 1349 species
415 1276 781 1350 Algerienses
836 1293 936 1350 pro
979 1280 1120 1336 flora
1160 1278 1471 1351 Hispanica
1524 1296 1697 1337 novas
1741 1296 1866 1337 esse
1909 1280 2237 1337 referendae
2282 1280 2423 1338 mihi

154 1394 391 1467 videtur,
429 1395 559 1466 ebsi,
594 1395 738 1466 quod
761 1395 1054 1453 dolendum
1089 1399 1195 1469 est,
1232 1397 1540 1469 specimina
1573 1396 1860 1468 utriusque
1896 1397 2105 1470 speciei
2130 1399 2201 1456 ad
2239 1398 2423 1456 deter-

155 1511 514 1571 minationem
560 1513 782 1570 omnino
826 1516 1007 1571 tutam
1050 1515 1199 1572 haud
1255 1514 1575 1586 sufficiunt,
1635 1532 1807 1587 quare
1853 1515 1912 1572 in
1957 1516 2097 1573 locis
2155 1515 2422 1575 indicatis

157 1631 395 1689 ulterius
438 1631 803 1704 inquirendae
852 1634 1010 1695 sunt:

321 1751 380 1821 a)
424 1750 870 1825 Astrayalus
908 1752 1367 1825 yeniculatus
1409 1751 1569 1809 Desf.
1637 1753 1708 1809 111
1750 1750 2125 1824 promontorio
2165 1752 2314 1810 Cabo
2354 1752 2421 1809 de

155 1867 315 1939 Grata,
362 1870 498 1941 Apr.
551 1868 710 1925 1876
758 1867 1091 1940 (Winkler)!
1147 1884 1318 1940 prope
1362 1868 1624 1941 oppidum
1669 1869 1923 1926 Almeria
1964 1869 2204 1941 (Huter‚
2251 1871 2424 1926 Porta
2484 1906 2490 1912 -

156 1988 214 2043 et
233 1985 426 2059 Rigo)!
475 1986 795 2059 Specimina
838 1988 1074 2059 utroque
1117 1987 1236 2043 loco
1280 1989 1429 2044 lecta
1463 1986 1743 2044 fructibus
1776 1987 2062 2058 carebant,
2110 1988 2208 2045 sed
2248 2004 2424 2059 quan-

153 2105 275 2160 tum
315 2103 376 2161 in
419 2107 576 2161 statu
617 2104 879 2177 florigero
915 2103 1169 2176 judicare
1212 2104 1370 2177 licet,
1417 2105 1638 2163 omnino
1684 2122 1811 2162 cum
1855 2105 2053 2177 planta
2096 2104 2420 2177 Algeriensi

156 2221 514 2279 conveniunt.
2380 2295 2385 2302 Ι

320 2338 380 2410 b)
446 2339 517 2396 A.
565 2342 647 2396 ed
658 2339 764 2397 uli
775 2360 804 2396 s
846 2340 964 2397 DR.
1052 2341 1122 2397 In
1176 2342 1333 2398 alveo
1387 2340 1559 2399 rivuli
1604 2340 1871 2398 exsiccati
1929 2356 2102 2413 prope
2170 2339 2424 2398 Almeiia

152 2455 433 2514 rarissime
481 2457 706 2530 (Huten
750 2460 924 2516 Porta
956 2464 1016 2517 et
1043 2458 1239 2530 Rigo),
1288 2458 1599 2532 specimina
1643 2458 1965 2516 fructifera!
2028 2459 2324 2531 Legumen
2368 2459 2427 2513 et

154 2560 371 2633 semina
405 2578 522 2633 tam
556 2576 922 2651 descriptioni
951 2596 1116 2651 quam
1151 2575 1555 2649 speciminibus
1580 2577 1641 2634 in
1671 2579 1817 2635 hort.
1863 2578 1979 2635 bot.
2026 2576 2211 2633 Haun.
2257 2573 2430 2631 cultis

151 2695 297 2751 bene
351 2694 722 2765 conveniunt,
781 2697 878 2754 sed
930 2698 1123 2769 planta
1177 2666 1331 2752 culta
1384 2694 1445 2753 in
1502 2693 1760 2752 omnibus
1815 2694 2076 2767 partibus
2125 2690 2427 2763 robus'uior,

149 2811 360 2870 foliolis
403 2814 581 2870 multo
626 2813 952 2886 latioribus,
999 2813 1490 2888 glabrescentibus
1534 2815 1682 2886 (nec,
1728 2815 1795 2869 ut
1836 2811 1896 2869 in
1940 2813 2018 2884 pl.
2065 2807 2425 2879 Almeriensi‚

152 2932 320 2988 dense
377 2932 903 3004 cano-puberulis).
1001 2932 1257 2990 Ulterius
1312 2931 1660 2990 observanda
1716 2932 1775 2987 et
1831 2946 1959 2987 cum
2020 2925 2429 3002 speciminibus

145 3048 601 3120 ‘Algeriensibus‚
650 3067 794 3121 quae
838 3049 1029 3108 videre
1073 3050 1210 3109 mihi
1254 3066 1365 3107 non
1409 3048 1672 3123 contigit,
1719 3049 2126 3121 comparanda!
