2938 5131
121 2115 201 2198 In
257 2139 440 2198 variis
503 2138 825 2213 plantarum
882 2125 1301 2199 collectionibus
1314 2184 1328 2212 ,
1398 2156 1540 2213 quas
1600 2138 1852 2197 botanici
1915 2139 2107 2212 plures
2126 2185 2140 2212 ‚
2207 2141 2405 2200 floram

125 2257 465 2332 peninsulae
509 2256 765 2316 Ibericae
806 2256 1111 2316 recentiori
1162 2260 1417 2331 tempore
1468 2258 1885 2331 perlustrantes
1936 2257 2206 2317 benevole
2236 2259 2404 2318 'mihi

128 2378 457 2435 obtulerunt
509 2377 604 2434 vel
656 2375 729 2434 ad
783 2375 1269 2434 determinandum
1313 2374 1676 2433 tradiderunt
1689 2420 1705 2447 ,
1759 2392 1873 2433 non
1926 2391 2133 2448 paucas
2187 2376 2406 2452 species

126 2496 215 2553 vel
279 2511 382 2569 pro
450 2495 591 2552 flora
651 2493 962 2569 Hispanico
976 2526 1001 2538 -
1014 2493 1295 2553 Lusitana
1357 2511 1533 2552 novas
1596 2495 1686 2553 vel
1749 2493 1969 2551 omnino
2034 2493 2408 2571 indescriptas

128 2611 341 2672 inveni,
447 2614 542 2671 Ita
603 2614 672 2670 cl.
727 2614 768 2671 C
785 2629 815 2670 o
832 2615 943 2671 sta
1005 2615 1234 2687 plantas
1289 2611 1688 2684 catalauniae,
1751 2613 1841 2670 Lo
1856 2629 1969 2671 sco
1984 2629 2011 2671 s
2066 2615 2407 2689 Aragoniae,

128 2732 485 2790 Leresche
542 2730 894 2789 castellanas
948 2734 1007 2789 et
1058 2730 1427 2804 valentinas,
1486 2731 1730 2790 Fritze
1786 2733 1844 2789 et
1885 2730 2208 2792 Winkler
2261 2733 2410 2791 Boe-

127 2850 291 2923 ticas,
336 2852 431 2908 Ro
447 2849 553 2908 dri
569 2866 741 2924 guez
774 2848 1102 2908 Balearicas
1144 2850 1340 2924 largiti
1372 2852 1526 2921 sunt,
1568 2867 1710 2924 quae
1755 2865 1947 2907 omnes
1990 2849 2062 2906 ad
2103 2849 2411 2924 pleniorem

128 2967 511 3042 cognitionem
564 2969 736 3025 florae
790 2966 1137 3041 Hispanicae
1191 2968 1358 3029 valde
1417 2968 1865 3027 contribuerunt.
1972 2969 2123 3026 Prae
2178 2966 2415 3042 reliquis

130 3090 328 3146 autem
368 3086 484 3145 iter
521 3084 681 3144 1876
728 3102 764 3142 a
804 3084 1017 3144 clariss
1103 3085 1379 3145 Hackel
1420 3089 1479 3144 et
1520 3084 1841 3144 Winkler
1882 3103 1987 3160 per
2028 3102 2251 3145 omnem
2294 3085 2413 3171 fere

129 3203 470 3279 Hispaniam
525 3208 585 3263 et
624 3202 978 3263 Lusitaniam
1031 3207 1354 3278 susceptum
1407 3207 1625 3277 largam
1668 3204 2120 3263 observationum
2175 3207 2236 3263 et
2286 3221 2415 3278 spe-

128 3322 348 3382 cierum
401 3339 673 3382 novarum
724 3338 969 3381 messem
1031 3322 1203 3381 dedit.
1313 3323 1607 3382 consensu
1668 3321 2103 3383 clarissimorum
2167 3322 2416 3391 virorum

130 3441 392 3512 conabor,
439 3439 840 3513 descriptiones
883 3440 1215 3514 specierum,
1260 3458 1401 3515 quae
1445 3439 1587 3498 mihi
1627 3443 1726 3499 aut
1761 3457 1940 3499 novae
1976 3443 2078 3500 aut
2107 3439 2414 3515 praecipue

130 3558 531 3618 memorabiles
572 3558 729 3617 visae
773 3561 937 3632 sunt,
982 3560 1089 3617 hoc
1126 3558 1250 3618 loco
1293 3558 1634 3632 conjunctim
1677 3546 1950 3634 proferfe,
1993 3559 2233 3634 adjectis
2275 3575 2414 3617 non-

130 3675 328 3749 nullis,
376 3693 520 3750 quae
565 3677 637 3734 ab
681 3676 811 3735 aliis
856 3676 1249 3736 collectoribus
1293 3676 1736 3736 communicatae
1780 3681 1933 3737 sunt.
2209 3661 2214 3665 ⁵

310 3827 367 3886 1.
437 3825 833 3887 Chaeturus
868 3838 1297 3905 prostratus
1340 3828 1561 3888 Hackel
1605 3831 1664 3888 et
1693 3831 1903 3903 Lange.
1971 3830 2111 3888 Cum
2154 3826 2416 3903 specimi-

132 3947 307 4007 nibus
339 3946 633 4021 pygmaeis
677 3964 713 4004 a
753 3963 845 4006 me
872 3946 1033 4005 1852
1078 3964 1252 4022 prope
1296 3947 1354 4005 la
1375 3947 1596 4006 Corufia
1614 3933 1894 4007 Galleciae
1928 3951 2083 4008 statu
2118 3946 2414 4005 fructifero

133 4065 318 4136 lectis,
362 4082 595 4140 quorum
636 4064 699 4122 in
737 4063 948 4136 Pugill.
990 4066 1069 4139 pl.
1113 4064 1280 4138 Hisp.
1327 4082 1458 4139 pag.
1497 4066 1577 4124 34
1620 4065 1961 4125 mentionem
2003 4064 2143 4138 feci,
2192 4063 2415 4123 omnino

134 4182 479 4254 conveniunt
521 4181 829 4256 specimina
882 4182 1093 4256 optime
1136 4183 1435 4257 florigera,
1496 4200 1532 4241 a
1576 4185 1644 4243 cl.
1689 4183 1963 4242 Hackel
2021 4183 2082 4240 in
2127 4185 2296 4242 Serra
2340 4183 2411 4241 de

134 4303 338 4362 Cintra
378 4300 708 4360 Lusitaniae
760 4271 924 4360 lecta.
1035 4301 1190 4360 Haec
1245 4301 1423 4359 forma
1477 4318 1512 4358 a
1564 4301 1800 4375 reliquis
1852 4299 2259 4376 speciminibus
2313 4302 2412 4360 Ch.

133 4418 479 4491 fasciculati,
524 4436 664 4492 quae
709 4435 776 4476 ex
816 4417 1100 4492 Hispania
1143 4422 1202 4476 et
1242 4416 1539 4476 Lusitania
1582 4418 1916 4494 examinavi,
1961 4420 2046 4478 ita
2089 4420 2307 4493 differt,
2352 4423 2416 4476 ut
