2938 5131
133 298 247 354 234
786 328 789 331 ·
2346 304 2422 362 15

130 500 467 557 truncato
537 517 595 557 v,
663 500 1251 573 subumbilicato,
1318 501 1565 576 undique
1631 503 2222 577 glanduloso-piloso,
2295 504 2424 563 10-

128 615 406 689 ncrvi0,
467 620 534 675 et
577 617 729 677 inter
770 635 973 678 nervos
1014 618 1313 692 primarios
1356 620 1918 696 reticulato-ronow,
1977 622 2246 681 dentibus
2288 623 2422 681 sub-

128 733 694 810 ulam-acuminatis,
738 736 949 810 petalis
991 736 1449 798 violaceo-roseis
1491 740 1655 800 venis
1699 741 2139 800 saturatioribus
2153 786 2168 814 ,
2215 741 2425 800 lamina

127 852 238 912 fere
281 855 357 911 ad
401 854 666 913 medium
720 873 898 929 usque
941 855 1243 930 bipartita,
1298 857 1458 916 basi
1501 857 2018 932 biauriculata3
2087 859 2306 933 stylis
2352 860 2419 931 33

127 972 429 1044 capsula
499 975 941 1047 carpophoro
1006 974 1228 1048 triplo
1294 992 1347 1035 v.
1417 975 1812 1049 quadruplo
1877 976 2231 1050 longiore,
2299 976 2423 1034 basi

127 1089 378 1148 obsolete
427 1089 855 1165 pluriloculari,
900 1090 1168 1152 dentibus
1212 1094 1249 1150 6
1295 1091 1648 1165 dehiscente,
1692 1093 2009 1168 pericarpio
2052 1093 2241 1165 tenui,
2288 1094 2423 1152 sub-

127 1208 574 1267 membranaceo
589 1254 605 1282 ,
663 1208 975 1269 seminibus
1016 1211 1192 1284 (haud
1234 1211 1402 1284 plene
1444 1210 1707 1285 maturis)
1753 1212 2178 1285 reniformibuS,
2225 1210 2421 1284 fuscis,

126 1324 283 1383 dorso
327 1325 555 1400 planis,
601 1327 772 1386 dense
817 1331 880 1386 et
921 1329 1866 1403 elevato-papilloso·tuberculatis.

291 1444 626 1517 Specimina
666 1445 934 1520 florigera
974 1446 1066 1506 die
1113 1446 1193 1505 14
1235 1446 1369 1520 Maj.
1420 1447 1582 1506 1876
1628 1449 1700 1506 ad
1743 1450 1994 1508 Bussaco
2038 1465 2123 1522 pr.
2160 1449 2423 1508 Coimbra

129 1577 162 1617 a
200 1561 424 1621 clariss,
474 1563 744 1623 Hackel
786 1567 847 1623 et
888 1563 1212 1623 Winkler
1263 1565 1416 1623 lecta
1468 1569 1630 1641 sunt,
1691 1585 1820 1627 cum
1871 1568 1942 1626 fr.
1988 1567 2306 1626 immaturis
2351 1569 2421 1627 ad

127 1679 182 1737 fi.
226 1679 311 1738 Sil
358 1697 452 1754 pr.
507 1683 720 1742 Orense
765 1681 1050 1741 Galleciae
1095 1683 1160 1742 in
1200 1683 1438 1757 rupibus
1481 1687 1595 1759 leg.
1642 1687 1711 1744 cl.
1757 1686 2043 1745 Hackel.

293 1799 508 1861 Obiter
543 1801 686 1874 visa,
731 1803 871 1860 haec
900 1801 1095 1874 planta
1127 1800 1507 1861 Melandrium
1539 1804 1771 1863 rubrum
1814 1803 2082 1879 (Lychnis
2115 1803 2423 1877 silvestris)

130 1916 189 1976 in
226 1919 572 1979 memoriam
614 1921 854 1991 revocat,
898 1936 933 1977 a
974 1937 1082 1992 quo
1125 1936 1259 1978 vero
1291 1920 1528 1980 floribus
1560 1921 2056 1996 hermaphroditis
2081 1926 2140 1981 et
2181 1923 2347 1996 stylis
2383 1924 2419 1982 3

130 2035 290 2096 facile
324 2037 732 2113 distinguitur.
799 2039 961 2097 Inter
994 2053 1205 2112 genera
1225 2038 1527 2098 Melandrii
1560 2041 1620 2099 et
1652 2039 1872 2099 Silenes
1916 2041 2078 2113 (sect.
2103 2041 2185 2114 H,
2225 2057 2336 2100 ser.
2364 2041 2417 2114 1,
2500 2122 2506 2129 .

132 2151 193 2210 B.
226 2156 479 2230 Rohrb.)
523 2155 817 2229 ambigua,
863 2154 1165 2228 posteriori
1217 2156 1289 2214 ob
1346 2158 1636 2230 capsulam
1687 2156 1906 2216 inferne
1959 2157 2420 2231 plurilocularem

132 2272 490 2333 associanda.
604 2275 767 2333 Inter
818 2274 1037 2348 species
1095 2274 1348 2348 ejusdem
1402 2274 1577 2334 seriei
1628 2274 1842 2333 nullam
1904 2275 1966 2333 in
2017 2277 2421 2351 monographia

134 2387 282 2449 beat.
398 2390 748 2452 Rohrbachii
816 2391 1155 2466 descriptam
1220 2392 1473 2464 invenio,
1552 2410 1788 2465 quacum
1852 2396 2046 2452 nostra
2108 2395 2418 2469 comparari

131 2511 347 2582 posset3
403 2510 564 2570 intra
617 2508 820 2569 seriem
865 2511 902 2568 2
945 2511 1400 2570 Macrantharum
1448 2512 1509 2570 S.
1552 2511 1850 2584 acutifolia
1891 2511 1997 2571 Lk.
2045 2529 2075 2571 e
2119 2513 2420 2573 Lusitania

132 2629 358 2687 nostrae
430 2628 627 2688 affinis
680 2628 933 2702 videtur,
989 2629 1175 2703 calyce
1231 2633 1420 2689 tamen
1473 2630 1602 2688 albo
1654 2630 2111 2705 membranaceo,
2178 2633 2413 2705 clavato,

132 2744 336 2812 petalis
382 2747 536 2806 albis
580 2745 954 2821 emarginatis
967 2791 982 2820 ,
1039 2746 1439 2806 exauriculatis
1481 2749 1583 2806 etc.
1626 2747 1849 2806 abunde
1893 2748 2187 2821 distincta,
2246 2752 2306 2809 et
2352 2752 2415 2808 S.

132 2863 444 2933 cordifolia
489 2866 604 2923 All.
652 2867 713 2923 et
759 2866 822 2924 S.
850 2865 1082 2937 foetida
1123 2863 1274 2923 Link
1316 2864 1499 2938 magis
1541 2866 1724 2924 adhuc
1764 2866 2055 2924 recedunt.

298 2980 403 3043 16.
512 2983 936 3058 Euphor-bia
1003 2984 1379 3058 ylebulosa
1456 2983 1614 3041 0088.
1691 2985 1738 3041 8⁶
1799 2984 1919 3064 DR.
2001 3001 2119 3043 var.
2196 2986 2414 3042 alme-

132 3098 196 3154 ri
205 3102 401 3163 ensis
450 3102 586 3176 Ige.
2409 3171 2422 3175 p

302 3219 542 3293 Species
579 3218 701 3292 jam
741 3217 801 3277 in
843 3219 997 3277 Bull.
1037 3220 1158 3278 Soc.
1202 3218 1319 3277 bot.
1353 3219 1449 3277 Fr.
1496 3219 1595 3292 IV,
1641 3237 1698 3293 p.
1723 3220 1860 3300 4193
1892 3236 1999 3278 nec
2042 3236 2154 3280 non
2196 3221 2260 3279 in
2299 3221 2413 3280 DC.

134 3331 329 3395 Prodr.
377 3338 503 3409 XV,
549 3337 585 3393 2
604 3382 619 3411 ,
663 3355 720 3412 p.
751 3336 868 3396 131
928 3336 1050 3409 (ubi
1092 3353 1277 3396 errore
1320 3337 1618 3409 globulosa
1660 3336 1831 3409 dicta)
1885 3340 1947 3396 et
1996 3337 2060 3396 in
2101 3337 2285 3398 Boiss.
2330 3340 2413 3400 Ic.

135 3448 425 3525 Euphorb.
472 3472 527 3529 p.
555 3455 632 3514 21
650 3501 666 3529 ,
711 3456 830 3513 tab.
858 3456 937 3514 90
983 3454 1262 3529 descripta
1304 3459 1411 3514 est.
1497 3456 1664 3514 Haec.
1695 3454 1945 3514 varietas
1989 3458 2183 3514 nostra
2225 3456 2417 3514 differt

138 3582 170 3625 a
207 3572 347 3646 typo
394 3572 611 3645 speciei
653 3573 829 3632 radiis
861 3574 1136 3631 umbellas
1161 3574 1344 3647 2—3,
1389 3573 1542 3632 foliis
1574 3573 1810 3634 caulinis
1852 3587 1888 3632 a
1928 3572 2415 3633 lineari-cuneatis

139 3685 205 3744 ad
246 3690 366 3749 late
413 3690 758 3765 obcordatis,
819 3688 1030 3749 retusis
1072 3708 1123 3749 v.
1167 3706 1338 3764 saepe
1382 3691 1658 3765 profunde
1699 3691 2046 3766 tridentatis,
2092 3692 2412 3767 margine

137 3802 349 3867 dense
410 3812 481 3868 et
521 3808 1007 3882 inaequaliter
1047 3809 1759 3883 lacero-fserrulatis,
1816 3810 2224 3870 umbellaribus
2277 3826 2412 3870 cau-

137 3919 270 3983 linis
315 3926 630 4000 similibus,
691 3924 1033 3986 divisionum
1089 3928 1125 3985 2
1183 3925 1542 4001 sequentium
1599 3927 2155 4002 ovato-lanceolatis,
2211 3929 2410 4003 acutis,

135 4037 432 4103 floralibus
474 4042 971 4103 rhombeo-ovatis.
1037 4041 1395 4118 (Glandulae
1439 4044 1825 4117 involucrales,
1869 4047 2099 4119 capsula
2141 4048 2201 4103 et
2241 4044 2411 4104 semi-

139 4170 269 4219 num
303 4165 591 4222 structura
632 4165 697 4221 ut
738 4162 799 4221 in
840 4165 993 4238 typo,
1037 4179 1209 4235 quare
1249 4162 1420 4235 hujus
1454 4163 1797 4221 solummodo
1835 4162 2174 4223 varietatem
2205 4163 2411 4231 sistere
2486 4218 2493 4225 .

140 4272 287 4335 haud
332 4279 567 4353 dubito).
